%YAML 1.1
%TAG !u! tag:unity3d.com,2011:
--- !u!29 &1
OcclusionCullingSettings:
  m_ObjectHideFlags: 0
  serializedVersion: 2
  m_OcclusionBakeSettings:
    smallestOccluder: 5
    smallestHole: 0.25
    backfaceThreshold: 100
  m_SceneGUID: 00000000000000000000000000000000
  m_OcclusionCullingData: {fileID: 0}
--- !u!104 &2
RenderSettings:
  m_ObjectHideFlags: 0
  serializedVersion: 8
  m_Fog: 0
  m_FogColor: {r: 0.5, g: 0.5, b: 0.5, a: 1}
  m_FogMode: 3
  m_FogDensity: 0.01
  m_LinearFogStart: 0
  m_LinearFogEnd: 300
  m_AmbientSkyColor: {r: 0.212, g: 0.227, b: 0.259, a: 1}
  m_AmbientEquatorColor: {r: 0.114, g: 0.125, b: 0.133, a: 1}
  m_AmbientGroundColor: {r: 0.047, g: 0.043, b: 0.035, a: 1}
  m_AmbientIntensity: 0.5
  m_AmbientMode: 0
  m_SubtractiveShadowColor: {r: 0.42, g: 0.478, b: 0.627, a: 1}
  m_SkyboxMaterial: {fileID: 2100000, guid: 14162e8b7deb5c0418b4810f67d18c81, type: 2}
  m_HaloStrength: 0.5
  m_FlareStrength: 1
  m_FlareFadeSpeed: 3
  m_HaloTexture: {fileID: 0}
  m_SpotCookie: {fileID: 10001, guid: 0000000000000000e000000000000000, type: 0}
  m_DefaultReflectionMode: 0
  m_DefaultReflectionResolution: 128
  m_ReflectionBounces: 2
  m_ReflectionIntensity: 0.196
  m_CustomReflection: {fileID: 0}
  m_Sun: {fileID: 0}
  m_IndirectSpecularColor: {r: 0.29997984, g: 0.29824293, b: 0.29039735, a: 0.196}
--- !u!157 &3
LightmapSettings:
  m_ObjectHideFlags: 0
  serializedVersion: 11
  m_GIWorkflowMode: 0
  m_GISettings:
    serializedVersion: 2
    m_BounceScale: 1
    m_IndirectOutputScale: 0.7
    m_AlbedoBoost: 3.39
    m_TemporalCoherenceThreshold: 1
    m_EnvironmentLightingMode: 0
    m_EnableBakedLightmaps: 1
    m_EnableRealtimeLightmaps: 1
  m_LightmapEditorSettings:
    serializedVersion: 9
    m_Resolution: 2
    m_BakeResolution: 40
    m_TextureWidth: 1024
    m_TextureHeight: 1024
    m_AO: 0
    m_AOMaxDistance: 1
    m_CompAOExponent: 1
    m_CompAOExponentDirect: 0
    m_Padding: 2
    m_LightmapParameters: {fileID: 0}
    m_LightmapsBakeMode: 1
    m_TextureCompression: 1
    m_FinalGather: 0
    m_FinalGatherFiltering: 1
    m_FinalGatherRayCount: 256
    m_ReflectionCompression: 2
    m_MixedBakeMode: 2
    m_BakeBackend: 1
    m_PVRSampling: 1
    m_PVRDirectSampleCount: 64
    m_PVRSampleCount: 500
    m_PVRBounces: 3
    m_PVRFiltering: 0
    m_PVRFilteringMode: 1
    m_PVRCulling: 1
    m_PVRFilteringGaussRadiusDirect: 1
    m_PVRFilteringGaussRadiusIndirect: 5
    m_PVRFilteringGaussRadiusAO: 2
    m_PVRFilteringAtrousColorSigma: 1
    m_PVRFilteringAtrousNormalSigma: 1
    m_PVRFilteringAtrousPositionSigma: 1
  m_LightingDataAsset: {fileID: 112000006, guid: 545a8b6f4fe77b64d87a436a534f8d61,
    type: 2}
  m_UseShadowmask: 1
--- !u!196 &4
NavMeshSettings:
  serializedVersion: 2
  m_ObjectHideFlags: 0
  m_BuildSettings:
    serializedVersion: 2
    agentTypeID: 0
    agentRadius: 0.5
    agentHeight: 2
    agentSlope: 45
    agentClimb: 0.4
    ledgeDropHeight: 0
    maxJumpAcrossDistance: 0
    minRegionArea: 2
    manualCellSize: 0
    cellSize: 0.16666667
    manualTileSize: 0
    tileSize: 256
    accuratePlacement: 0
  m_NavMeshData: {fileID: 0}
--- !u!1 &178651570
GameObject:
  m_ObjectHideFlags: 0
  m_PrefabParentObject: {fileID: 0}
  m_PrefabInternal: {fileID: 0}
  serializedVersion: 5
  m_Component:
  - component: {fileID: 178651571}
  - component: {fileID: 178651573}
  - component: {fileID: 178651572}
  m_Layer: 0
  m_Name: Core
  m_TagString: Untagged
  m_Icon: {fileID: 0}
  m_NavMeshLayer: 0
  m_StaticEditorFlags: 0
  m_IsActive: 1
--- !u!4 &178651571
Transform:
  m_ObjectHideFlags: 0
  m_PrefabParentObject: {fileID: 0}
  m_PrefabInternal: {fileID: 0}
  m_GameObject: {fileID: 178651570}
  m_LocalRotation: {x: 0, y: 0, z: 0, w: 1}
  m_LocalPosition: {x: -0.2991199, y: 0.30830342, z: -5.5419116}
  m_LocalScale: {x: 1, y: 1, z: 1}
  m_Children:
  - {fileID: 581377584}
  - {fileID: 1603448685}
  m_Father: {fileID: 0}
  m_RootOrder: 0
  m_LocalEulerAnglesHint: {x: 0, y: 0, z: 0}
--- !u!114 &178651572
MonoBehaviour:
  m_ObjectHideFlags: 0
  m_PrefabParentObject: {fileID: 0}
  m_PrefabInternal: {fileID: 0}
  m_GameObject: {fileID: 178651570}
  m_Enabled: 1
  m_EditorHideFlags: 0
  m_Script: {fileID: 11500000, guid: bb95fe1d51ea7d44cbbee70acc847908, type: 3}
  m_Name: 
  m_EditorClassIdentifier: 
  ui: {fileID: 1603448686}
  SceneManager: {fileID: 178651573}
--- !u!114 &178651573
MonoBehaviour:
  m_ObjectHideFlags: 0
  m_PrefabParentObject: {fileID: 0}
  m_PrefabInternal: {fileID: 0}
  m_GameObject: {fileID: 178651570}
  m_Enabled: 1
  m_EditorHideFlags: 0
  m_Script: {fileID: 11500000, guid: 6f0440b3f2225d64bad8ebe27b8c983f, type: 3}
  m_Name: 
  m_EditorClassIdentifier: 
  id: 
  folder: 
  debug: 0
  targetDirectory: 
  sourceScene: 
  usePanel: 0
  usePresets: 1
  currentPreset: 
  presetList: []
  ObjectsToKeepBetweenScenes: []
  sceneLayer: 
  scenesName: []
  activeScene: 
  currSceneIndex: 0
--- !u!1 &581377583
GameObject:
  m_ObjectHideFlags: 0
  m_PrefabParentObject: {fileID: 0}
  m_PrefabInternal: {fileID: 0}
  serializedVersion: 5
  m_Component:
  - component: {fileID: 581377584}
  - component: {fileID: 581377585}
  - component: {fileID: 581377586}
  m_Layer: 0
  m_Name: SharedTexture
  m_TagString: Untagged
  m_Icon: {fileID: 0}
  m_NavMeshLayer: 0
  m_StaticEditorFlags: 0
  m_IsActive: 1
--- !u!4 &581377584
Transform:
  m_ObjectHideFlags: 0
  m_PrefabParentObject: {fileID: 0}
  m_PrefabInternal: {fileID: 0}
  m_GameObject: {fileID: 581377583}
  m_LocalRotation: {x: 0, y: 0, z: 0, w: 1}
  m_LocalPosition: {x: 0, y: 0, z: 0}
  m_LocalScale: {x: 1, y: 1, z: 1}
  m_Children: []
  m_Father: {fileID: 178651571}
  m_RootOrder: 0
  m_LocalEulerAnglesHint: {x: 0, y: 0, z: 0}
--- !u!114 &581377585
MonoBehaviour:
  m_ObjectHideFlags: 0
  m_PrefabParentObject: {fileID: 0}
  m_PrefabInternal: {fileID: 0}
  m_GameObject: {fileID: 581377583}
  m_Enabled: 1
  m_EditorHideFlags: 0
  m_Script: {fileID: 11500000, guid: 2cdf5d8abfe96d0448a33e16bf2e3415, type: 3}
  m_Name: 
  m_EditorClassIdentifier: 
  TextureWidth: 1920
  TextureHeight: 1080
  sharingName: UnitySender
  texture: {fileID: 8400000, guid: 37e8839dcd202a94fbf83e79c4cfaca4, type: 2}
  blackTex: {fileID: 0}
  textureFormat: 28
  debugConsole: 1
  showTexture: 0
  forceBlackTexture: 0
  antiAliasing: 1
  discardAlpha: 1
  renderMode: 0
--- !u!114 &581377586
MonoBehaviour:
  m_ObjectHideFlags: 0
  m_PrefabParentObject: {fileID: 0}
  m_PrefabInternal: {fileID: 0}
  m_GameObject: {fileID: 581377583}
  m_Enabled: 1
  m_EditorHideFlags: 0
  m_Script: {fileID: 11500000, guid: 3af2616f86ef83f489eda41cf8b2fc2b, type: 3}
  m_Name: 
  m_EditorClassIdentifier: 
  id: 
  folder: 
  debug: 0
  targetDirectory: 
  sourceScene: 
  usePanel: 1
  usePresets: 1
  currentPreset: 
  presetList: []
  MySharedTexture: {fileID: 581377585}
  SceneManager: {fileID: 178651573}
  SpoutOutput: 0
--- !u!1001 &1603448684
Prefab:
  m_ObjectHideFlags: 0
  serializedVersion: 2
  m_Modification:
    m_TransformParent: {fileID: 178651571}
    m_Modifications:
    - target: {fileID: 4679437618935694, guid: 79c2718dd59243e4c90e145349e7dadf, type: 2}
      propertyPath: m_LocalPosition.x
      value: 0
      objectReference: {fileID: 0}
    - target: {fileID: 4679437618935694, guid: 79c2718dd59243e4c90e145349e7dadf, type: 2}
      propertyPath: m_LocalPosition.y
      value: 3
      objectReference: {fileID: 0}
    - target: {fileID: 4679437618935694, guid: 79c2718dd59243e4c90e145349e7dadf, type: 2}
      propertyPath: m_LocalPosition.z
      value: 0
      objectReference: {fileID: 0}
    - target: {fileID: 4679437618935694, guid: 79c2718dd59243e4c90e145349e7dadf, type: 2}
      propertyPath: m_LocalRotation.x
      value: 0.40821788
      objectReference: {fileID: 0}
    - target: {fileID: 4679437618935694, guid: 79c2718dd59243e4c90e145349e7dadf, type: 2}
      propertyPath: m_LocalRotation.y
      value: -0.23456968
      objectReference: {fileID: 0}
    - target: {fileID: 4679437618935694, guid: 79c2718dd59243e4c90e145349e7dadf, type: 2}
      propertyPath: m_LocalRotation.z
      value: 0.10938163
      objectReference: {fileID: 0}
    - target: {fileID: 4679437618935694, guid: 79c2718dd59243e4c90e145349e7dadf, type: 2}
      propertyPath: m_LocalRotation.w
      value: 0.8754261
      objectReference: {fileID: 0}
    - target: {fileID: 4679437618935694, guid: 79c2718dd59243e4c90e145349e7dadf, type: 2}
      propertyPath: m_RootOrder
      value: 1
      objectReference: {fileID: 0}
    - target: {fileID: 224261597021104126, guid: 79c2718dd59243e4c90e145349e7dadf,
        type: 2}
      propertyPath: m_AnchoredPosition.x
      value: 0.000015258789
      objectReference: {fileID: 0}
    - target: {fileID: 224261597021104126, guid: 79c2718dd59243e4c90e145349e7dadf,
        type: 2}
      propertyPath: m_AnchoredPosition.y
      value: -0.00017929077
      objectReference: {fileID: 0}
    - target: {fileID: 224219838304926532, guid: 79c2718dd59243e4c90e145349e7dadf,
        type: 2}
      propertyPath: m_AnchorMax.x
      value: 1
      objectReference: {fileID: 0}
    - target: {fileID: 224219838304926532, guid: 79c2718dd59243e4c90e145349e7dadf,
        type: 2}
      propertyPath: m_AnchorMax.y
      value: 1
      objectReference: {fileID: 0}
    - target: {fileID: 224579476644313692, guid: 79c2718dd59243e4c90e145349e7dadf,
        type: 2}
      propertyPath: m_AnchorMax.x
      value: 1
      objectReference: {fileID: 0}
    - target: {fileID: 224579476644313692, guid: 79c2718dd59243e4c90e145349e7dadf,
        type: 2}
      propertyPath: m_AnchorMax.y
      value: 1
      objectReference: {fileID: 0}
    - target: {fileID: 114259271324481940, guid: 79c2718dd59243e4c90e145349e7dadf,
        type: 2}
      propertyPath: m_Value
      value: 1
      objectReference: {fileID: 0}
    - target: {fileID: 114699653705361326, guid: 79c2718dd59243e4c90e145349e7dadf,
        type: 2}
      propertyPath: m_Value
      value: 0.796875
      objectReference: {fileID: 0}
    - target: {fileID: 224579476644313692, guid: 79c2718dd59243e4c90e145349e7dadf,
        type: 2}
      propertyPath: m_AnchorMin.y
      value: 0
      objectReference: {fileID: 0}
    - target: {fileID: 224395928353128896, guid: 79c2718dd59243e4c90e145349e7dadf,
        type: 2}
      propertyPath: m_AnchorMax.x
      value: 1
      objectReference: {fileID: 0}
    - target: {fileID: 224395928353128896, guid: 79c2718dd59243e4c90e145349e7dadf,
        type: 2}
      propertyPath: m_AnchorMax.y
      value: 1
      objectReference: {fileID: 0}
    - target: {fileID: 224395928353128896, guid: 79c2718dd59243e4c90e145349e7dadf,
        type: 2}
      propertyPath: m_SizeDelta.x
      value: -17
      objectReference: {fileID: 0}
    - target: {fileID: 224395928353128896, guid: 79c2718dd59243e4c90e145349e7dadf,
        type: 2}
      propertyPath: m_SizeDelta.y
      value: -17
      objectReference: {fileID: 0}
    - target: {fileID: 224838360313360544, guid: 79c2718dd59243e4c90e145349e7dadf,
        type: 2}
      propertyPath: m_AnchorMax.x
      value: 1
      objectReference: {fileID: 0}
    - target: {fileID: 224838360313360544, guid: 79c2718dd59243e4c90e145349e7dadf,
        type: 2}
      propertyPath: m_SizeDelta.x
      value: -17
      objectReference: {fileID: 0}
    - target: {fileID: 224246105580803028, guid: 79c2718dd59243e4c90e145349e7dadf,
        type: 2}
      propertyPath: m_AnchorMax.y
      value: 1
      objectReference: {fileID: 0}
    - target: {fileID: 224246105580803028, guid: 79c2718dd59243e4c90e145349e7dadf,
        type: 2}
      propertyPath: m_SizeDelta.y
      value: -17
      objectReference: {fileID: 0}
    - target: {fileID: 224219838304926532, guid: 79c2718dd59243e4c90e145349e7dadf,
        type: 2}
      propertyPath: m_AnchorMin.x
      value: 0
      objectReference: {fileID: 0}
    m_RemovedComponents: []
  m_ParentPrefab: {fileID: 100100000, guid: 79c2718dd59243e4c90e145349e7dadf, type: 2}
  m_IsPrefabParent: 0
--- !u!4 &1603448685 stripped
Transform:
  m_PrefabParentObject: {fileID: 4679437618935694, guid: 79c2718dd59243e4c90e145349e7dadf,
    type: 2}
  m_PrefabInternal: {fileID: 1603448684}
--- !u!114 &1603448686 stripped
MonoBehaviour:
  m_PrefabParentObject: {fileID: 114683521581413328, guid: 79c2718dd59243e4c90e145349e7dadf,
    type: 2}
  m_PrefabInternal: {fileID: 1603448684}
  m_Script: {fileID: 11500000, guid: f804a1dac4c598648af28e75d12d8585, type: 3}
